@misc{Luger2021,
  author       = {{Luger}, Rodrigo},
  title        = {showyourwork},
  year         = {2021},
  publisher    = {GitHub},
  journal      = {GitHub repository},
  howpublished = {\url{https://github.com/rodluger/showyourwork}},
  commit       = {main}
}

@article{Eidelman1999,
  title     = {On a new class of structured matrices},
  author    = {Eidelman, Y and Gohberg, I},
  journal   = {Integral Equations and Operator Theory},
  volume    = {34},
  number    = {3},
  pages     = {293--324},
  year      = {1999},
  publisher = {Springer},
  doi       = {10.1007/BF01300581}
}

@article{Foreman-Mackey2017,
  author        = {{Foreman-Mackey}, Daniel and {Agol}, Eric and {Ambikasaran}, Sivaram and {Angus}, Ruth},
  title         = {{Fast and Scalable Gaussian Process Modeling with Applications to Astronomical Time Series}},
  journal       = {\aj},
  keywords      = {asteroseismology, methods: data analysis, methods: statistical, planetary systems, stars: rotation, Astrophysics - Instrumentation and Methods for Astrophysics, Astrophysics - Earth and Planetary Astrophysics, Astrophysics - Solar and Stellar Astrophysics, Physics - Data Analysis, Statistics and Probability, Statistics - Applications},
  year          = 2017,
  month         = dec,
  volume        = {154},
  number        = {6},
  eid           = {220},
  pages         = {220},
  doi           = {10.3847/1538-3881/aa9332},
  archiveprefix = {arXiv},
  eprint        = {1703.09710},
  primaryclass  = {astro-ph.IM},
  adsurl        = {https://ui.adsabs.harvard.edu/abs/2017AJ....154..220F},
  adsnote       = {Provided by the SAO/NASA Astrophysics Data System}
}

@article{Foreman-Mackey2018,
  author        = {{Foreman-Mackey}, Daniel},
  title         = {{Scalable Backpropagation for Gaussian Processes using Celerite}},
  journal       = {Research Notes of the American Astronomical Society},
  keywords      = {Astrophysics - Instrumentation and Methods for Astrophysics},
  year          = 2018,
  month         = feb,
  volume        = {2},
  number        = {1},
  eid           = {31},
  pages         = {31},
  doi           = {10.3847/2515-5172/aaaf6c},
  archiveprefix = {arXiv},
  eprint        = {1801.10156},
  primaryclass  = {astro-ph.IM},
  adsurl        = {https://ui.adsabs.harvard.edu/abs/2018RNAAS...2...31F},
  adsnote       = {Provided by the SAO/NASA Astrophysics Data System}
}
